<?xml version="1.0" encoding="UTF-8"?><record xmlns="http://www.loc.gov/MARC21/slim" xmlns:cinclude="http://apache.org/cocoon/include/1.0" xmlns:zs="http://www.loc.gov/zing/srw/">
  <leader>00427nz  a2200133n  4500</leader>
  <controlfield tag="001">n 2012009944</controlfield>
  <controlfield tag="003">DLC</controlfield>
  <controlfield tag="005">20120211075204.0</controlfield>
  <controlfield tag="008">120210n| azannaabn           n aaa      </controlfield>
  <datafield tag="010" ind1=" " ind2=" ">
    <subfield code="a">n 2012009944</subfield>
  </datafield>
  <datafield tag="040" ind1=" " ind2=" ">
    <subfield code="a">DLC</subfield>
    <subfield code="b">eng</subfield>
    <subfield code="c">DLC</subfield>
    <subfield code="e">rda</subfield>
  </datafield>
  <datafield tag="100" ind1="1" ind2=" ">
    <subfield code="a">Walker, Wendy,</subfield>
    <subfield code="d">1954-</subfield>
  </datafield>
  <datafield tag="670" ind1=" " ind2=" ">
    <subfield code="a">Draw it!, 2013:</subfield>
    <subfield code="b">CIP t.p. (Wendy Walker)</subfield>
  </datafield>
  <datafield tag="670" ind1=" " ind2=" ">
    <subfield code="a">Information from publisher, Feb. 10, 2012</subfield>
    <subfield code="b">(Wendy's birthdate is 11/23/1954; her middle initial is M.)</subfield>
  </datafield>
</record>